




@article{doi:10.1121/1.425369,
author = {Takayuki Hidaka},
title = {Scale model experiences in concert and opera hall design},
journal = {The Journal of the Acoustical Society of America},
volume = {105},
number = {2},
pages = {985-985},
year = {1999},
doi = {10.1121/1.425369},

URL = { 
        http://dx.doi.org/10.1121/1.425369
    
},
eprint = { 
        http://dx.doi.org/10.1121/1.425369
    
}

}


